
@Book{Tietze2010,
  author    = {Tietze, Ulrich and Schenk, Christoph},
  title     = {Halbleiter-Schaltungstechnik},
  edition   = {13},
  isbn      = {9783642016219},
  pages     = {1037-1054},
  publisher = {Springer-Verlag},
  year      = {2010},
}
